@article{gottlieb1983nyu,
  title={The NYU Ultracomputer - Designing an MIMD Shared Memory Parallel Computer},
  author={Gottlieb, Allan and Grishman, Ralph and Kruskal, Clyde P. and McAuliffe, Kevin P. and Rudolph, Larry and Snir, Marc},
  journal={IEEE Trans. Computers},
  volume={32},
  number={2},
  pages={175--189},
  year={1983}
}